%YAML 1.1
%TAG !u! tag:unity3d.com,2011:
--- !u!29 &1
SceneSettings:
  m_ObjectHideFlags: 0
  m_PVSData: 
  m_PVSObjectsArray: []
  m_PVSPortalsArray: []
  m_OcclusionBakeSettings:
    smallestOccluder: 5
    smallestHole: .25
    backfaceThreshold: 100
--- !u!104 &2
RenderSettings:
  m_Fog: 0
  m_FogColor: {r: .5, g: .5, b: .5, a: 1}
  m_FogMode: 3
  m_FogDensity: .00999999978
  m_LinearFogStart: 0
  m_LinearFogEnd: 300
  m_AmbientLight: {r: .200000003, g: .200000003, b: .200000003, a: 1}
  m_SkyboxMaterial: {fileID: 0}
  m_HaloStrength: .5
  m_FlareStrength: 1
  m_FlareFadeSpeed: 3
  m_HaloTexture: {fileID: 0}
  m_SpotCookie: {fileID: 0}
  m_ObjectHideFlags: 0
--- !u!127 &3
LevelGameManager:
  m_ObjectHideFlags: 0
--- !u!157 &4
LightmapSettings:
  m_ObjectHideFlags: 0
  m_LightProbes: {fileID: 0}
  m_Lightmaps: []
  m_LightmapsMode: 1
  m_BakedColorSpace: 0
  m_UseDualLightmapsInForward: 0
  m_LightmapEditorSettings:
    m_Resolution: 50
    m_LastUsedResolution: 0
    m_TextureWidth: 1024
    m_TextureHeight: 1024
    m_BounceBoost: 1
    m_BounceIntensity: 1
    m_SkyLightColor: {r: .860000014, g: .930000007, b: 1, a: 1}
    m_SkyLightIntensity: 0
    m_Quality: 0
    m_Bounces: 1
    m_FinalGatherRays: 1000
    m_FinalGatherContrastThreshold: .0500000007
    m_FinalGatherGradientThreshold: 0
    m_FinalGatherInterpolationPoints: 15
    m_AOAmount: 0
    m_AOMaxDistance: .100000001
    m_AOContrast: 1
    m_LODSurfaceMappingDistance: 1
    m_Padding: 0
    m_TextureCompression: 0
    m_LockAtlas: 0
--- !u!196 &5
NavMeshSettings:
  m_ObjectHideFlags: 0
  m_BuildSettings:
    agentRadius: .5
    agentHeight: 2
    agentSlope: 45
    agentClimb: .400000006
    ledgeDropHeight: 0
    maxJumpAcrossDistance: 0
    accuratePlacement: 0
    minRegionArea: 2
    widthInaccuracy: 16.666666
    heightInaccuracy: 10
  m_NavMesh: {fileID: 0}
--- !u!1 &280996585
GameObject:
  m_ObjectHideFlags: 0
  m_PrefabParentObject: {fileID: 179578, guid: b972005a0a5be39429a9f2ee0846d28a, type: 2}
  m_PrefabInternal: {fileID: 306589454}
  serializedVersion: 4
  m_Component:
  - 4: {fileID: 280996586}
  m_Layer: 0
  m_Name: Pasillo
  m_TagString: Untagged
  m_Icon: {fileID: 0}
  m_NavMeshLayer: 0
  m_StaticEditorFlags: 0
  m_IsActive: 1
--- !u!4 &280996586
Transform:
  m_ObjectHideFlags: 0
  m_PrefabParentObject: {fileID: 479578, guid: b972005a0a5be39429a9f2ee0846d28a, type: 2}
  m_PrefabInternal: {fileID: 306589454}
  m_GameObject: {fileID: 280996585}
  m_LocalRotation: {x: 0, y: 0, z: 0, w: 1}
  m_LocalPosition: {x: 0, y: 0, z: 0}
  m_LocalScale: {x: 1, y: 1, z: 1}
  m_Children:
  - {fileID: 501709508}
  - {fileID: 1837328869}
  - {fileID: 1361101785}
  - {fileID: 769587905}
  m_Father: {fileID: 0}
  m_RootOrder: 0
--- !u!1001 &306589454
Prefab:
  m_ObjectHideFlags: 0
  serializedVersion: 2
  m_Modification:
    m_TransformParent: {fileID: 0}
    m_Modifications:
    - target: {fileID: 479578, guid: b972005a0a5be39429a9f2ee0846d28a, type: 2}
      propertyPath: m_LocalPosition.x
      value: 0
      objectReference: {fileID: 0}
    - target: {fileID: 479578, guid: b972005a0a5be39429a9f2ee0846d28a, type: 2}
      propertyPath: m_LocalPosition.y
      value: 0
      objectReference: {fileID: 0}
    - target: {fileID: 479578, guid: b972005a0a5be39429a9f2ee0846d28a, type: 2}
      propertyPath: m_LocalPosition.z
      value: 0
      objectReference: {fileID: 0}
    - target: {fileID: 479578, guid: b972005a0a5be39429a9f2ee0846d28a, type: 2}
      propertyPath: m_LocalRotation.x
      value: 0
      objectReference: {fileID: 0}
    - target: {fileID: 479578, guid: b972005a0a5be39429a9f2ee0846d28a, type: 2}
      propertyPath: m_LocalRotation.y
      value: 0
      objectReference: {fileID: 0}
    - target: {fileID: 479578, guid: b972005a0a5be39429a9f2ee0846d28a, type: 2}
      propertyPath: m_LocalRotation.z
      value: 0
      objectReference: {fileID: 0}
    - target: {fileID: 479578, guid: b972005a0a5be39429a9f2ee0846d28a, type: 2}
      propertyPath: m_LocalRotation.w
      value: 1
      objectReference: {fileID: 0}
    - target: {fileID: 479578, guid: b972005a0a5be39429a9f2ee0846d28a, type: 2}
      propertyPath: m_RootOrder
      value: 0
      objectReference: {fileID: 0}
    m_RemovedComponents: []
  m_ParentPrefab: {fileID: 100100000, guid: b972005a0a5be39429a9f2ee0846d28a, type: 2}
  m_RootGameObject: {fileID: 280996585}
  m_IsPrefabParent: 0
  m_IsExploded: 1
--- !u!1 &501709504
GameObject:
  m_ObjectHideFlags: 0
  m_PrefabParentObject: {fileID: 179576, guid: b972005a0a5be39429a9f2ee0846d28a, type: 2}
  m_PrefabInternal: {fileID: 306589454}
  serializedVersion: 4
  m_Component:
  - 4: {fileID: 501709508}
  - 33: {fileID: 501709507}
  - 23: {fileID: 501709506}
  - 95: {fileID: 501709505}
  m_Layer: 0
  m_Name: Objeto_Basemagica
  m_TagString: Untagged
  m_Icon: {fileID: 0}
  m_NavMeshLayer: 0
  m_StaticEditorFlags: 0
  m_IsActive: 1
--- !u!95 &501709505
Animator:
  serializedVersion: 3
  m_ObjectHideFlags: 0
  m_PrefabParentObject: {fileID: 9579578, guid: b972005a0a5be39429a9f2ee0846d28a,
    type: 2}
  m_PrefabInternal: {fileID: 306589454}
  m_GameObject: {fileID: 501709504}
  m_Enabled: 1
  m_Avatar: {fileID: 9000000, guid: 9e8946ab4c43c564990e1553f12b3bfd, type: 3}
  m_Controller: {fileID: 0}
  m_CullingMode: 0
  m_UpdateMode: 0
  m_ApplyRootMotion: 1
  m_HasTransformHierarchy: 1
  m_AllowConstantClipSamplingOptimization: 1
--- !u!23 &501709506
Renderer:
  m_ObjectHideFlags: 0
  m_PrefabParentObject: {fileID: 2379578, guid: b972005a0a5be39429a9f2ee0846d28a,
    type: 2}
  m_PrefabInternal: {fileID: 306589454}
  m_GameObject: {fileID: 501709504}
  m_Enabled: 1
  m_CastShadows: 1
  m_ReceiveShadows: 1
  m_LightmapIndex: 255
  m_LightmapTilingOffset: {x: 1, y: 1, z: 0, w: 0}
  m_Materials:
  - {fileID: 2100000, guid: bbbc565d98053bc4cb26853f30a73102, type: 2}
  m_SubsetIndices: 
  m_StaticBatchRoot: {fileID: 0}
  m_UseLightProbes: 0
  m_LightProbeAnchor: {fileID: 0}
  m_ScaleInLightmap: 1
  m_SortingLayerID: 0
  m_SortingOrder: 0
--- !u!33 &501709507
MeshFilter:
  m_ObjectHideFlags: 0
  m_PrefabParentObject: {fileID: 3379578, guid: b972005a0a5be39429a9f2ee0846d28a,
    type: 2}
  m_PrefabInternal: {fileID: 306589454}
  m_GameObject: {fileID: 501709504}
  m_Mesh: {fileID: 4300000, guid: 9e8946ab4c43c564990e1553f12b3bfd, type: 3}
--- !u!4 &501709508
Transform:
  m_ObjectHideFlags: 0
  m_PrefabParentObject: {fileID: 479576, guid: b972005a0a5be39429a9f2ee0846d28a, type: 2}
  m_PrefabInternal: {fileID: 306589454}
  m_GameObject: {fileID: 501709504}
  m_LocalRotation: {x: -.5, y: .5, z: .5, w: .5}
  m_LocalPosition: {x: 0, y: .400000006, z: -3.79999995}
  m_LocalScale: {x: 1, y: 1, z: 1}
  m_Children: []
  m_Father: {fileID: 280996586}
  m_RootOrder: 0
--- !u!1 &769587904
GameObject:
  m_ObjectHideFlags: 0
  m_PrefabParentObject: {fileID: 179574, guid: b972005a0a5be39429a9f2ee0846d28a, type: 2}
  m_PrefabInternal: {fileID: 306589454}
  serializedVersion: 4
  m_Component:
  - 4: {fileID: 769587905}
  - 33: {fileID: 769587909}
  - 65: {fileID: 769587908}
  - 114: {fileID: 769587907}
  - 114: {fileID: 769587906}
  m_Layer: 0
  m_Name: win
  m_TagString: Untagged
  m_Icon: {fileID: 0}
  m_NavMeshLayer: 0
  m_StaticEditorFlags: 0
  m_IsActive: 1
--- !u!4 &769587905
Transform:
  m_ObjectHideFlags: 0
  m_PrefabParentObject: {fileID: 479574, guid: b972005a0a5be39429a9f2ee0846d28a, type: 2}
  m_PrefabInternal: {fileID: 306589454}
  m_GameObject: {fileID: 769587904}
  m_LocalRotation: {x: 0, y: 0, z: 0, w: 1}
  m_LocalPosition: {x: 0, y: 0, z: 0}
  m_LocalScale: {x: 1, y: 1, z: 1}
  m_Children:
  - {fileID: 775134082}
  m_Father: {fileID: 280996586}
  m_RootOrder: 3
--- !u!114 &769587906
MonoBehaviour:
  m_ObjectHideFlags: 0
  m_PrefabParentObject: {fileID: 11479578, guid: b972005a0a5be39429a9f2ee0846d28a,
    type: 2}
  m_PrefabInternal: {fileID: 306589454}
  m_GameObject: {fileID: 769587904}
  m_Enabled: 1
  m_EditorHideFlags: 0
  m_Script: {fileID: 11500000, guid: b53062f5640922e478a14d3a07da1f63, type: 3}
  m_Name: 
  m_EditorClassIdentifier: 
  target: {fileID: 0}
--- !u!114 &769587907
MonoBehaviour:
  m_ObjectHideFlags: 0
  m_PrefabParentObject: {fileID: 11479576, guid: b972005a0a5be39429a9f2ee0846d28a,
    type: 2}
  m_PrefabInternal: {fileID: 306589454}
  m_GameObject: {fileID: 769587904}
  m_Enabled: 1
  m_EditorHideFlags: 0
  m_Script: {fileID: 11500000, guid: ebe232fff75fac24eb7d1338b88b1521, type: 3}
  m_Name: 
  m_EditorClassIdentifier: 
--- !u!65 &769587908
BoxCollider:
  m_ObjectHideFlags: 0
  m_PrefabParentObject: {fileID: 6579578, guid: b972005a0a5be39429a9f2ee0846d28a,
    type: 2}
  m_PrefabInternal: {fileID: 306589454}
  m_GameObject: {fileID: 769587904}
  m_Material: {fileID: 0}
  m_IsTrigger: 1
  m_Enabled: 1
  serializedVersion: 2
  m_Size: {x: 1, y: 1, z: .547484934}
  m_Center: {x: 0, y: 0, z: .0204516649}
--- !u!33 &769587909
MeshFilter:
  m_ObjectHideFlags: 0
  m_PrefabParentObject: {fileID: 3379576, guid: b972005a0a5be39429a9f2ee0846d28a,
    type: 2}
  m_PrefabInternal: {fileID: 306589454}
  m_GameObject: {fileID: 769587904}
  m_Mesh: {fileID: 10202, guid: 0000000000000000e000000000000000, type: 0}
--- !u!1 &775134081
GameObject:
  m_ObjectHideFlags: 0
  m_PrefabParentObject: {fileID: 179572, guid: b972005a0a5be39429a9f2ee0846d28a, type: 2}
  m_PrefabInternal: {fileID: 306589454}
  serializedVersion: 4
  m_Component:
  - 4: {fileID: 775134082}
  - 212: {fileID: 775134083}
  m_Layer: 0
  m_Name: star
  m_TagString: Untagged
  m_Icon: {fileID: 0}
  m_NavMeshLayer: 0
  m_StaticEditorFlags: 0
  m_IsActive: 1
--- !u!4 &775134082
Transform:
  m_ObjectHideFlags: 0
  m_PrefabParentObject: {fileID: 479572, guid: b972005a0a5be39429a9f2ee0846d28a, type: 2}
  m_PrefabInternal: {fileID: 306589454}
  m_GameObject: {fileID: 775134081}
  m_LocalRotation: {x: 0, y: 0, z: 0, w: 1}
  m_LocalPosition: {x: 0, y: 1.15999997, z: -3.22000003}
  m_LocalScale: {x: 1, y: 1, z: 1}
  m_Children: []
  m_Father: {fileID: 769587905}
  m_RootOrder: 0
--- !u!212 &775134083
SpriteRenderer:
  m_ObjectHideFlags: 0
  m_PrefabParentObject: {fileID: 21279578, guid: b972005a0a5be39429a9f2ee0846d28a,
    type: 2}
  m_PrefabInternal: {fileID: 306589454}
  m_GameObject: {fileID: 775134081}
  m_Enabled: 1
  m_CastShadows: 0
  m_ReceiveShadows: 0
  m_LightmapIndex: 255
  m_LightmapTilingOffset: {x: 1, y: 1, z: 0, w: 0}
  m_Materials:
  - {fileID: 10754, guid: 0000000000000000e000000000000000, type: 0}
  m_SubsetIndices: 
  m_StaticBatchRoot: {fileID: 0}
  m_UseLightProbes: 0
  m_LightProbeAnchor: {fileID: 0}
  m_ScaleInLightmap: 1
  m_SortingLayerID: 0
  m_SortingOrder: 0
  m_Sprite: {fileID: 21300000, guid: 4e10653fa79355a4dafc8756e213d77c, type: 3}
  m_Color: {r: 1, g: 1, b: 1, a: 1}
--- !u!1 &1361101784
GameObject:
  m_ObjectHideFlags: 0
  m_PrefabParentObject: {fileID: 179570, guid: b972005a0a5be39429a9f2ee0846d28a, type: 2}
  m_PrefabInternal: {fileID: 306589454}
  serializedVersion: 4
  m_Component:
  - 4: {fileID: 1361101785}
  m_Layer: 0
  m_Name: walls
  m_TagString: Untagged
  m_Icon: {fileID: 0}
  m_NavMeshLayer: 0
  m_StaticEditorFlags: 0
  m_IsActive: 1
--- !u!4 &1361101785
Transform:
  m_ObjectHideFlags: 0
  m_PrefabParentObject: {fileID: 479570, guid: b972005a0a5be39429a9f2ee0846d28a, type: 2}
  m_PrefabInternal: {fileID: 306589454}
  m_GameObject: {fileID: 1361101784}
  m_LocalRotation: {x: 0, y: 0, z: 0, w: 1}
  m_LocalPosition: {x: 0, y: 0, z: 0}
  m_LocalScale: {x: 1, y: 1, z: 1}
  m_Children:
  - {fileID: 2048692747}
  - {fileID: 1647228125}
  - {fileID: 1398859180}
  m_Father: {fileID: 280996586}
  m_RootOrder: 2
--- !u!1 &1398859176
GameObject:
  m_ObjectHideFlags: 0
  m_PrefabParentObject: {fileID: 179568, guid: b972005a0a5be39429a9f2ee0846d28a, type: 2}
  m_PrefabInternal: {fileID: 306589454}
  serializedVersion: 4
  m_Component:
  - 4: {fileID: 1398859180}
  - 33: {fileID: 1398859179}
  - 65: {fileID: 1398859178}
  - 23: {fileID: 1398859177}
  m_Layer: 0
  m_Name: Cube
  m_TagString: Untagged
  m_Icon: {fileID: 0}
  m_NavMeshLayer: 0
  m_StaticEditorFlags: 0
  m_IsActive: 1
--- !u!23 &1398859177
Renderer:
  m_ObjectHideFlags: 0
  m_PrefabParentObject: {fileID: 2379576, guid: b972005a0a5be39429a9f2ee0846d28a,
    type: 2}
  m_PrefabInternal: {fileID: 306589454}
  m_GameObject: {fileID: 1398859176}
  m_Enabled: 1
  m_CastShadows: 1
  m_ReceiveShadows: 1
  m_LightmapIndex: 255
  m_LightmapTilingOffset: {x: 1, y: 1, z: 0, w: 0}
  m_Materials:
  - {fileID: 10302, guid: 0000000000000000f000000000000000, type: 0}
  m_SubsetIndices: 
  m_StaticBatchRoot: {fileID: 0}
  m_UseLightProbes: 0
  m_LightProbeAnchor: {fileID: 0}
  m_ScaleInLightmap: 1
  m_SortingLayerID: 0
  m_SortingOrder: 0
--- !u!65 &1398859178
BoxCollider:
  m_ObjectHideFlags: 0
  m_PrefabParentObject: {fileID: 6579576, guid: b972005a0a5be39429a9f2ee0846d28a,
    type: 2}
  m_PrefabInternal: {fileID: 306589454}
  m_GameObject: {fileID: 1398859176}
  m_Material: {fileID: 0}
  m_IsTrigger: 0
  m_Enabled: 1
  serializedVersion: 2
  m_Size: {x: 1, y: 1, z: 1}
  m_Center: {x: 0, y: 0, z: 0}
--- !u!33 &1398859179
MeshFilter:
  m_ObjectHideFlags: 0
  m_PrefabParentObject: {fileID: 3379574, guid: b972005a0a5be39429a9f2ee0846d28a,
    type: 2}
  m_PrefabInternal: {fileID: 306589454}
  m_GameObject: {fileID: 1398859176}
  m_Mesh: {fileID: 10202, guid: 0000000000000000e000000000000000, type: 0}
--- !u!4 &1398859180
Transform:
  m_ObjectHideFlags: 0
  m_PrefabParentObject: {fileID: 479568, guid: b972005a0a5be39429a9f2ee0846d28a, type: 2}
  m_PrefabInternal: {fileID: 306589454}
  m_GameObject: {fileID: 1398859176}
  m_LocalRotation: {x: 0, y: 0, z: 0, w: 1}
  m_LocalPosition: {x: -1.77999997, y: 1, z: 0}
  m_LocalScale: {x: .0500000007, y: 2, z: 10}
  m_Children: []
  m_Father: {fileID: 1361101785}
  m_RootOrder: 2
--- !u!1 &1647228121
GameObject:
  m_ObjectHideFlags: 0
  m_PrefabParentObject: {fileID: 179566, guid: b972005a0a5be39429a9f2ee0846d28a, type: 2}
  m_PrefabInternal: {fileID: 306589454}
  serializedVersion: 4
  m_Component:
  - 4: {fileID: 1647228125}
  - 33: {fileID: 1647228124}
  - 65: {fileID: 1647228123}
  - 23: {fileID: 1647228122}
  m_Layer: 0
  m_Name: Cube
  m_TagString: Untagged
  m_Icon: {fileID: 0}
  m_NavMeshLayer: 0
  m_StaticEditorFlags: 0
  m_IsActive: 1
--- !u!23 &1647228122
Renderer:
  m_ObjectHideFlags: 0
  m_PrefabParentObject: {fileID: 2379574, guid: b972005a0a5be39429a9f2ee0846d28a,
    type: 2}
  m_PrefabInternal: {fileID: 306589454}
  m_GameObject: {fileID: 1647228121}
  m_Enabled: 1
  m_CastShadows: 1
  m_ReceiveShadows: 1
  m_LightmapIndex: 255
  m_LightmapTilingOffset: {x: 1, y: 1, z: 0, w: 0}
  m_Materials:
  - {fileID: 10302, guid: 0000000000000000f000000000000000, type: 0}
  m_SubsetIndices: 
  m_StaticBatchRoot: {fileID: 0}
  m_UseLightProbes: 0
  m_LightProbeAnchor: {fileID: 0}
  m_ScaleInLightmap: 1
  m_SortingLayerID: 0
  m_SortingOrder: 0
--- !u!65 &1647228123
BoxCollider:
  m_ObjectHideFlags: 0
  m_PrefabParentObject: {fileID: 6579574, guid: b972005a0a5be39429a9f2ee0846d28a,
    type: 2}
  m_PrefabInternal: {fileID: 306589454}
  m_GameObject: {fileID: 1647228121}
  m_Material: {fileID: 0}
  m_IsTrigger: 0
  m_Enabled: 1
  serializedVersion: 2
  m_Size: {x: 1, y: 1, z: 1}
  m_Center: {x: 0, y: 0, z: 0}
--- !u!33 &1647228124
MeshFilter:
  m_ObjectHideFlags: 0
  m_PrefabParentObject: {fileID: 3379572, guid: b972005a0a5be39429a9f2ee0846d28a,
    type: 2}
  m_PrefabInternal: {fileID: 306589454}
  m_GameObject: {fileID: 1647228121}
  m_Mesh: {fileID: 10202, guid: 0000000000000000e000000000000000, type: 0}
--- !u!4 &1647228125
Transform:
  m_ObjectHideFlags: 0
  m_PrefabParentObject: {fileID: 479566, guid: b972005a0a5be39429a9f2ee0846d28a, type: 2}
  m_PrefabInternal: {fileID: 306589454}
  m_GameObject: {fileID: 1647228121}
  m_LocalRotation: {x: 0, y: 0, z: 0, w: 1}
  m_LocalPosition: {x: 1.77999997, y: 1, z: 0}
  m_LocalScale: {x: .0500000007, y: 2, z: 10}
  m_Children: []
  m_Father: {fileID: 1361101785}
  m_RootOrder: 1
--- !u!1 &1837328865
GameObject:
  m_ObjectHideFlags: 0
  m_PrefabParentObject: {fileID: 179564, guid: b972005a0a5be39429a9f2ee0846d28a, type: 2}
  m_PrefabInternal: {fileID: 306589454}
  serializedVersion: 4
  m_Component:
  - 4: {fileID: 1837328869}
  - 33: {fileID: 1837328868}
  - 64: {fileID: 1837328867}
  - 23: {fileID: 1837328866}
  m_Layer: 0
  m_Name: Plane
  m_TagString: Untagged
  m_Icon: {fileID: 0}
  m_NavMeshLayer: 0
  m_StaticEditorFlags: 0
  m_IsActive: 1
--- !u!23 &1837328866
Renderer:
  m_ObjectHideFlags: 0
  m_PrefabParentObject: {fileID: 2379572, guid: b972005a0a5be39429a9f2ee0846d28a,
    type: 2}
  m_PrefabInternal: {fileID: 306589454}
  m_GameObject: {fileID: 1837328865}
  m_Enabled: 1
  m_CastShadows: 1
  m_ReceiveShadows: 1
  m_LightmapIndex: 255
  m_LightmapTilingOffset: {x: 1, y: 1, z: 0, w: 0}
  m_Materials:
  - {fileID: 10302, guid: 0000000000000000f000000000000000, type: 0}
  m_SubsetIndices: 
  m_StaticBatchRoot: {fileID: 0}
  m_UseLightProbes: 0
  m_LightProbeAnchor: {fileID: 0}
  m_ScaleInLightmap: 1
  m_SortingLayerID: 0
  m_SortingOrder: 0
--- !u!64 &1837328867
MeshCollider:
  m_ObjectHideFlags: 0
  m_PrefabParentObject: {fileID: 6479578, guid: b972005a0a5be39429a9f2ee0846d28a,
    type: 2}
  m_PrefabInternal: {fileID: 306589454}
  m_GameObject: {fileID: 1837328865}
  m_Material: {fileID: 0}
  m_IsTrigger: 0
  m_Enabled: 1
  serializedVersion: 2
  m_SmoothSphereCollisions: 0
  m_Convex: 0
  m_Mesh: {fileID: 10209, guid: 0000000000000000e000000000000000, type: 0}
--- !u!33 &1837328868
MeshFilter:
  m_ObjectHideFlags: 0
  m_PrefabParentObject: {fileID: 3379570, guid: b972005a0a5be39429a9f2ee0846d28a,
    type: 2}
  m_PrefabInternal: {fileID: 306589454}
  m_GameObject: {fileID: 1837328865}
  m_Mesh: {fileID: 10209, guid: 0000000000000000e000000000000000, type: 0}
--- !u!4 &1837328869
Transform:
  m_ObjectHideFlags: 0
  m_PrefabParentObject: {fileID: 479564, guid: b972005a0a5be39429a9f2ee0846d28a, type: 2}
  m_PrefabInternal: {fileID: 306589454}
  m_GameObject: {fileID: 1837328865}
  m_LocalRotation: {x: 0, y: 0, z: 0, w: 1}
  m_LocalPosition: {x: 0, y: 0, z: 0}
  m_LocalScale: {x: .349999994, y: 1, z: 1}
  m_Children: []
  m_Father: {fileID: 280996586}
  m_RootOrder: 1
--- !u!1 &2048692743
GameObject:
  m_ObjectHideFlags: 0
  m_PrefabParentObject: {fileID: 179562, guid: b972005a0a5be39429a9f2ee0846d28a, type: 2}
  m_PrefabInternal: {fileID: 306589454}
  serializedVersion: 4
  m_Component:
  - 4: {fileID: 2048692747}
  - 33: {fileID: 2048692746}
  - 65: {fileID: 2048692745}
  - 23: {fileID: 2048692744}
  m_Layer: 0
  m_Name: Cube
  m_TagString: Untagged
  m_Icon: {fileID: 0}
  m_NavMeshLayer: 0
  m_StaticEditorFlags: 0
  m_IsActive: 1
--- !u!23 &2048692744
Renderer:
  m_ObjectHideFlags: 0
  m_PrefabParentObject: {fileID: 2379570, guid: b972005a0a5be39429a9f2ee0846d28a,
    type: 2}
  m_PrefabInternal: {fileID: 306589454}
  m_GameObject: {fileID: 2048692743}
  m_Enabled: 1
  m_CastShadows: 1
  m_ReceiveShadows: 1
  m_LightmapIndex: 255
  m_LightmapTilingOffset: {x: 1, y: 1, z: 0, w: 0}
  m_Materials:
  - {fileID: 10302, guid: 0000000000000000f000000000000000, type: 0}
  m_SubsetIndices: 
  m_StaticBatchRoot: {fileID: 0}
  m_UseLightProbes: 0
  m_LightProbeAnchor: {fileID: 0}
  m_ScaleInLightmap: 1
  m_SortingLayerID: 0
  m_SortingOrder: 0
--- !u!65 &2048692745
BoxCollider:
  m_ObjectHideFlags: 0
  m_PrefabParentObject: {fileID: 6579572, guid: b972005a0a5be39429a9f2ee0846d28a,
    type: 2}
  m_PrefabInternal: {fileID: 306589454}
  m_GameObject: {fileID: 2048692743}
  m_Material: {fileID: 0}
  m_IsTrigger: 0
  m_Enabled: 1
  serializedVersion: 2
  m_Size: {x: 1, y: 1, z: 1}
  m_Center: {x: 0, y: 0, z: 0}
--- !u!33 &2048692746
MeshFilter:
  m_ObjectHideFlags: 0
  m_PrefabParentObject: {fileID: 3379568, guid: b972005a0a5be39429a9f2ee0846d28a,
    type: 2}
  m_PrefabInternal: {fileID: 306589454}
  m_GameObject: {fileID: 2048692743}
  m_Mesh: {fileID: 10202, guid: 0000000000000000e000000000000000, type: 0}
--- !u!4 &2048692747
Transform:
  m_ObjectHideFlags: 0
  m_PrefabParentObject: {fileID: 479562, guid: b972005a0a5be39429a9f2ee0846d28a, type: 2}
  m_PrefabInternal: {fileID: 306589454}
  m_GameObject: {fileID: 2048692743}
  m_LocalRotation: {x: 0, y: .707106829, z: 0, w: .707106829}
  m_LocalPosition: {x: 0, y: 1, z: -5.0250001}
  m_LocalScale: {x: .0500000007, y: 2, z: 3.5999999}
  m_Children: []
  m_Father: {fileID: 1361101785}
  m_RootOrder: 0
