%YAML 1.1
%TAG !u! tag:unity3d.com,2011:
--- !u!29 &1
SceneSettings:
  m_ObjectHideFlags: 0
  m_PVSData: 
  m_PVSObjectsArray: []
  m_PVSPortalsArray: []
  m_OcclusionBakeSettings:
    smallestOccluder: 5
    smallestHole: .25
    backfaceThreshold: 100
--- !u!104 &2
RenderSettings:
  m_Fog: 0
  m_FogColor: {r: .5, g: .5, b: .5, a: 1}
  m_FogMode: 3
  m_FogDensity: .00999999978
  m_LinearFogStart: 0
  m_LinearFogEnd: 300
  m_AmbientLight: {r: .200000003, g: .200000003, b: .200000003, a: 1}
  m_SkyboxMaterial: {fileID: 0}
  m_HaloStrength: .5
  m_FlareStrength: 1
  m_FlareFadeSpeed: 3
  m_HaloTexture: {fileID: 0}
  m_SpotCookie: {fileID: 0}
  m_ObjectHideFlags: 0
--- !u!127 &3
LevelGameManager:
  m_ObjectHideFlags: 0
--- !u!157 &4
LightmapSettings:
  m_ObjectHideFlags: 0
  m_LightProbes: {fileID: 0}
  m_Lightmaps: []
  m_LightmapsMode: 1
  m_BakedColorSpace: 0
  m_UseDualLightmapsInForward: 0
  m_LightmapEditorSettings:
    m_Resolution: 50
    m_LastUsedResolution: 0
    m_TextureWidth: 1024
    m_TextureHeight: 1024
    m_BounceBoost: 1
    m_BounceIntensity: 1
    m_SkyLightColor: {r: .860000014, g: .930000007, b: 1, a: 1}
    m_SkyLightIntensity: 0
    m_Quality: 0
    m_Bounces: 1
    m_FinalGatherRays: 1000
    m_FinalGatherContrastThreshold: .0500000007
    m_FinalGatherGradientThreshold: 0
    m_FinalGatherInterpolationPoints: 15
    m_AOAmount: 0
    m_AOMaxDistance: .100000001
    m_AOContrast: 1
    m_LODSurfaceMappingDistance: 1
    m_Padding: 0
    m_TextureCompression: 0
    m_LockAtlas: 0
--- !u!196 &5
NavMeshSettings:
  m_ObjectHideFlags: 0
  m_BuildSettings:
    agentRadius: .5
    agentHeight: 2
    agentSlope: 45
    agentClimb: .400000006
    ledgeDropHeight: 0
    maxJumpAcrossDistance: 0
    accuratePlacement: 0
    minRegionArea: 2
    widthInaccuracy: 16.666666
    heightInaccuracy: 10
  m_NavMesh: {fileID: 0}
--- !u!1001 &99212796
Prefab:
  m_ObjectHideFlags: 0
  serializedVersion: 2
  m_Modification:
    m_TransformParent: {fileID: 0}
    m_Modifications:
    - target: {fileID: 447544, guid: 0a91929542b1e4142a42158a454745bf, type: 2}
      propertyPath: m_LocalPosition.x
      value: 0
      objectReference: {fileID: 0}
    - target: {fileID: 447544, guid: 0a91929542b1e4142a42158a454745bf, type: 2}
      propertyPath: m_LocalPosition.y
      value: 0
      objectReference: {fileID: 0}
    - target: {fileID: 447544, guid: 0a91929542b1e4142a42158a454745bf, type: 2}
      propertyPath: m_LocalPosition.z
      value: 0
      objectReference: {fileID: 0}
    - target: {fileID: 447544, guid: 0a91929542b1e4142a42158a454745bf, type: 2}
      propertyPath: m_LocalRotation.x
      value: 0
      objectReference: {fileID: 0}
    - target: {fileID: 447544, guid: 0a91929542b1e4142a42158a454745bf, type: 2}
      propertyPath: m_LocalRotation.y
      value: 0
      objectReference: {fileID: 0}
    - target: {fileID: 447544, guid: 0a91929542b1e4142a42158a454745bf, type: 2}
      propertyPath: m_LocalRotation.z
      value: 0
      objectReference: {fileID: 0}
    - target: {fileID: 447544, guid: 0a91929542b1e4142a42158a454745bf, type: 2}
      propertyPath: m_LocalRotation.w
      value: 1
      objectReference: {fileID: 0}
    - target: {fileID: 447544, guid: 0a91929542b1e4142a42158a454745bf, type: 2}
      propertyPath: m_RootOrder
      value: 1
      objectReference: {fileID: 0}
    m_RemovedComponents: []
  m_ParentPrefab: {fileID: 100100000, guid: 0a91929542b1e4142a42158a454745bf, type: 2}
  m_RootGameObject: {fileID: 1201712463}
  m_IsPrefabParent: 0
  m_IsExploded: 1
--- !u!1 &391818111
GameObject:
  m_ObjectHideFlags: 0
  m_PrefabParentObject: {fileID: 112006, guid: 6f88a0d6e3e781d48b6e1d776aac6d6a, type: 2}
  m_PrefabInternal: {fileID: 1826826880}
  serializedVersion: 4
  m_Component:
  - 4: {fileID: 391818116}
  - 20: {fileID: 391818115}
  - 92: {fileID: 391818114}
  - 124: {fileID: 391818113}
  - 81: {fileID: 391818112}
  - 114: {fileID: 391818117}
  - 82: {fileID: 391818119}
  - 114: {fileID: 391818118}
  m_Layer: 0
  m_Name: Main Camera
  m_TagString: MainCamera
  m_Icon: {fileID: 0}
  m_NavMeshLayer: 0
  m_StaticEditorFlags: 0
  m_IsActive: 1
--- !u!81 &391818112
AudioListener:
  m_ObjectHideFlags: 0
  m_PrefabParentObject: {fileID: 8112006, guid: 6f88a0d6e3e781d48b6e1d776aac6d6a,
    type: 2}
  m_PrefabInternal: {fileID: 1826826880}
  m_GameObject: {fileID: 391818111}
  m_Enabled: 1
--- !u!124 &391818113
Behaviour:
  m_ObjectHideFlags: 0
  m_PrefabParentObject: {fileID: 12412006, guid: 6f88a0d6e3e781d48b6e1d776aac6d6a,
    type: 2}
  m_PrefabInternal: {fileID: 1826826880}
  m_GameObject: {fileID: 391818111}
  m_Enabled: 1
--- !u!92 &391818114
Behaviour:
  m_ObjectHideFlags: 0
  m_PrefabParentObject: {fileID: 9212006, guid: 6f88a0d6e3e781d48b6e1d776aac6d6a,
    type: 2}
  m_PrefabInternal: {fileID: 1826826880}
  m_GameObject: {fileID: 391818111}
  m_Enabled: 1
--- !u!20 &391818115
Camera:
  m_ObjectHideFlags: 0
  m_PrefabParentObject: {fileID: 2012006, guid: 6f88a0d6e3e781d48b6e1d776aac6d6a,
    type: 2}
  m_PrefabInternal: {fileID: 1826826880}
  m_GameObject: {fileID: 391818111}
  m_Enabled: 1
  serializedVersion: 2
  m_ClearFlags: 1
  m_BackGroundColor: {r: .29411763, g: .29411763, b: .29411763, a: .0196078438}
  m_NormalizedViewPortRect:
    serializedVersion: 2
    x: 0
    y: 0
    width: 1
    height: 1
  near clip plane: .100000001
  far clip plane: 1000
  field of view: 58
  orthographic: 0
  orthographic size: 5
  m_Depth: -1
  m_CullingMask:
    serializedVersion: 2
    m_Bits: 4294967295
  m_RenderingPath: -1
  m_TargetTexture: {fileID: 0}
  m_TargetDisplay: 0
  m_HDR: 0
  m_OcclusionCulling: 1
  m_StereoConvergence: 10
  m_StereoSeparation: .0219999999
--- !u!4 &391818116
Transform:
  m_ObjectHideFlags: 0
  m_PrefabParentObject: {fileID: 412006, guid: 6f88a0d6e3e781d48b6e1d776aac6d6a, type: 2}
  m_PrefabInternal: {fileID: 1826826880}
  m_GameObject: {fileID: 391818111}
  m_LocalRotation: {x: 0, y: 0, z: 0, w: 1}
  m_LocalPosition: {x: 0, y: 0, z: 0}
  m_LocalScale: {x: 1, y: 1, z: 1}
  m_Children: []
  m_Father: {fileID: 551868318}
  m_RootOrder: 0
--- !u!114 &391818117
MonoBehaviour:
  m_ObjectHideFlags: 0
  m_PrefabParentObject: {fileID: 11475984, guid: 6f88a0d6e3e781d48b6e1d776aac6d6a,
    type: 2}
  m_PrefabInternal: {fileID: 1826826880}
  m_GameObject: {fileID: 391818111}
  m_Enabled: 1
  m_EditorHideFlags: 0
  m_Script: {fileID: 11500000, guid: 68ec2fe99d1108b9d0006a298d76c639, type: 3}
  m_Name: 
  m_EditorClassIdentifier: 
  axes: 2
  sensitivityX: 15
  sensitivityY: 15
  minimumX: -360
  maximumX: 360
  minimumY: -60
  maximumY: 60
--- !u!114 &391818118
MonoBehaviour:
  m_ObjectHideFlags: 0
  m_PrefabParentObject: {fileID: 11479958, guid: 6f88a0d6e3e781d48b6e1d776aac6d6a,
    type: 2}
  m_PrefabInternal: {fileID: 1826826880}
  m_GameObject: {fileID: 391818111}
  m_Enabled: 1
  m_EditorHideFlags: 0
  m_Script: {fileID: 11500000, guid: d96c0ed30c7131e4599e0ea1e3e82e46, type: 3}
  m_Name: 
  m_EditorClassIdentifier: 
  first: {fileID: 8300000, guid: 305d7ffae394e8047a6877585087ec8e, type: 3}
  second: {fileID: 8300000, guid: 521d76dad1173904fb214f19bb6b9786, type: 3}
  third: {fileID: 8300000, guid: f2baea25200f07f48a711e1444775921, type: 3}
--- !u!82 &391818119
AudioSource:
  m_ObjectHideFlags: 0
  m_PrefabParentObject: {fileID: 8237320, guid: 6f88a0d6e3e781d48b6e1d776aac6d6a,
    type: 2}
  m_PrefabInternal: {fileID: 1826826880}
  m_GameObject: {fileID: 391818111}
  m_Enabled: 1
  serializedVersion: 3
  m_audioClip: {fileID: 8300000, guid: c6d2ea55bef0aec4ca52f553a32738af, type: 3}
  m_PlayOnAwake: 0
  m_Volume: .449999988
  m_Pitch: 1
  Loop: 0
  Mute: 0
  Priority: 128
  DopplerLevel: 1
  MinDistance: 1
  MaxDistance: 500
  Pan2D: 0
  rolloffMode: 0
  BypassEffects: 0
  BypassListenerEffects: 0
  BypassReverbZones: 0
  rolloffCustomCurve:
    serializedVersion: 2
    m_Curve:
    - time: 0
      value: 1
      inSlope: 0
      outSlope: 0
      tangentMode: 0
    - time: 1
      value: 0
      inSlope: 0
      outSlope: 0
      tangentMode: 0
    m_PreInfinity: 2
    m_PostInfinity: 2
  panLevelCustomCurve:
    serializedVersion: 2
    m_Curve:
    - time: 0
      value: 1
      inSlope: 0
      outSlope: 0
      tangentMode: 0
    m_PreInfinity: 2
    m_PostInfinity: 2
  spreadCustomCurve:
    serializedVersion: 2
    m_Curve:
    - time: 0
      value: 0
      inSlope: 0
      outSlope: 0
      tangentMode: 0
    m_PreInfinity: 2
    m_PostInfinity: 2
--- !u!1 &551868317
GameObject:
  m_ObjectHideFlags: 0
  m_PrefabParentObject: {fileID: 112008, guid: 6f88a0d6e3e781d48b6e1d776aac6d6a, type: 2}
  m_PrefabInternal: {fileID: 1826826880}
  serializedVersion: 4
  m_Component:
  - 4: {fileID: 551868318}
  - 33: {fileID: 551868324}
  - 65: {fileID: 551868323}
  - 23: {fileID: 551868322}
  - 114: {fileID: 551868321}
  - 54: {fileID: 551868320}
  - 114: {fileID: 551868319}
  m_Layer: 0
  m_Name: Player con camara
  m_TagString: Player
  m_Icon: {fileID: 0}
  m_NavMeshLayer: 0
  m_StaticEditorFlags: 0
  m_IsActive: 1
--- !u!4 &551868318
Transform:
  m_ObjectHideFlags: 0
  m_PrefabParentObject: {fileID: 412008, guid: 6f88a0d6e3e781d48b6e1d776aac6d6a, type: 2}
  m_PrefabInternal: {fileID: 1826826880}
  m_GameObject: {fileID: 551868317}
  m_LocalRotation: {x: 0, y: 0, z: 0, w: 1}
  m_LocalPosition: {x: -2, y: 1.60000002, z: 0}
  m_LocalScale: {x: .5, y: 2, z: 1}
  m_Children:
  - {fileID: 391818116}
  m_Father: {fileID: 0}
  m_RootOrder: 2
--- !u!114 &551868319
MonoBehaviour:
  m_ObjectHideFlags: 0
  m_PrefabParentObject: {fileID: 11412008, guid: 6f88a0d6e3e781d48b6e1d776aac6d6a,
    type: 2}
  m_PrefabInternal: {fileID: 1826826880}
  m_GameObject: {fileID: 551868317}
  m_Enabled: 1
  m_EditorHideFlags: 0
  m_Script: {fileID: 11500000, guid: 68ec2fe99d1108b9d0006a298d76c639, type: 3}
  m_Name: 
  m_EditorClassIdentifier: 
  axes: 1
  sensitivityX: 15
  sensitivityY: 15
  minimumX: -360
  maximumX: 360
  minimumY: -60
  maximumY: 60
--- !u!54 &551868320
Rigidbody:
  m_ObjectHideFlags: 0
  m_PrefabParentObject: {fileID: 5412006, guid: 6f88a0d6e3e781d48b6e1d776aac6d6a,
    type: 2}
  m_PrefabInternal: {fileID: 1826826880}
  m_GameObject: {fileID: 551868317}
  serializedVersion: 2
  m_Mass: .100000001
  m_Drag: 1.5
  m_AngularDrag: .0500000007
  m_UseGravity: 1
  m_IsKinematic: 0
  m_Interpolate: 0
  m_Constraints: 112
  m_CollisionDetection: 0
--- !u!114 &551868321
MonoBehaviour:
  m_ObjectHideFlags: 0
  m_PrefabParentObject: {fileID: 11412006, guid: 6f88a0d6e3e781d48b6e1d776aac6d6a,
    type: 2}
  m_PrefabInternal: {fileID: 1826826880}
  m_GameObject: {fileID: 551868317}
  m_Enabled: 1
  m_EditorHideFlags: 0
  m_Script: {fileID: 11500000, guid: 2c71cb1b0c391734bad124c31fdc5923, type: 3}
  m_Name: 
  m_EditorClassIdentifier: 
  speed: 100
  velocidadLimite: 1
  fuerzaSalto: .5
  confundido: 0
  piernaLesionada: 0
--- !u!23 &551868322
Renderer:
  m_ObjectHideFlags: 0
  m_PrefabParentObject: {fileID: 2312006, guid: 6f88a0d6e3e781d48b6e1d776aac6d6a,
    type: 2}
  m_PrefabInternal: {fileID: 1826826880}
  m_GameObject: {fileID: 551868317}
  m_Enabled: 1
  m_CastShadows: 1
  m_ReceiveShadows: 1
  m_LightmapIndex: 255
  m_LightmapTilingOffset: {x: 1, y: 1, z: 0, w: 0}
  m_Materials:
  - {fileID: 2100000, guid: 9650fb7e7ee075346a6d659e56e7dc1a, type: 2}
  m_SubsetIndices: 
  m_StaticBatchRoot: {fileID: 0}
  m_UseLightProbes: 0
  m_LightProbeAnchor: {fileID: 0}
  m_ScaleInLightmap: 1
  m_SortingLayerID: 0
  m_SortingOrder: 0
--- !u!65 &551868323
BoxCollider:
  m_ObjectHideFlags: 0
  m_PrefabParentObject: {fileID: 6512006, guid: 6f88a0d6e3e781d48b6e1d776aac6d6a,
    type: 2}
  m_PrefabInternal: {fileID: 1826826880}
  m_GameObject: {fileID: 551868317}
  m_Material: {fileID: 0}
  m_IsTrigger: 0
  m_Enabled: 1
  serializedVersion: 2
  m_Size: {x: 1, y: 1, z: 1}
  m_Center: {x: 0, y: 0, z: 0}
--- !u!33 &551868324
MeshFilter:
  m_ObjectHideFlags: 0
  m_PrefabParentObject: {fileID: 3312006, guid: 6f88a0d6e3e781d48b6e1d776aac6d6a,
    type: 2}
  m_PrefabInternal: {fileID: 1826826880}
  m_GameObject: {fileID: 551868317}
  m_Mesh: {fileID: 10202, guid: 0000000000000000e000000000000000, type: 0}
--- !u!1 &677942884
GameObject:
  m_ObjectHideFlags: 0
  m_PrefabParentObject: {fileID: 173924, guid: 3cec6ddcaaa939945a6753c4d1a0154a, type: 2}
  m_PrefabInternal: {fileID: 1274396165}
  serializedVersion: 4
  m_Component:
  - 4: {fileID: 677942889}
  - 33: {fileID: 677942888}
  - 65: {fileID: 677942887}
  - 114: {fileID: 677942886}
  - 114: {fileID: 677942885}
  m_Layer: 0
  m_Name: win
  m_TagString: Untagged
  m_Icon: {fileID: 0}
  m_NavMeshLayer: 0
  m_StaticEditorFlags: 0
  m_IsActive: 1
--- !u!114 &677942885
MonoBehaviour:
  m_ObjectHideFlags: 0
  m_PrefabParentObject: {fileID: 11473926, guid: 3cec6ddcaaa939945a6753c4d1a0154a,
    type: 2}
  m_PrefabInternal: {fileID: 1274396165}
  m_GameObject: {fileID: 677942884}
  m_Enabled: 1
  m_EditorHideFlags: 0
  m_Script: {fileID: 11500000, guid: b53062f5640922e478a14d3a07da1f63, type: 3}
  m_Name: 
  m_EditorClassIdentifier: 
  target: {fileID: 551868318}
--- !u!114 &677942886
MonoBehaviour:
  m_ObjectHideFlags: 0
  m_PrefabParentObject: {fileID: 11473924, guid: 3cec6ddcaaa939945a6753c4d1a0154a,
    type: 2}
  m_PrefabInternal: {fileID: 1274396165}
  m_GameObject: {fileID: 677942884}
  m_Enabled: 1
  m_EditorHideFlags: 0
  m_Script: {fileID: 11500000, guid: ebe232fff75fac24eb7d1338b88b1521, type: 3}
  m_Name: 
  m_EditorClassIdentifier: 
--- !u!65 &677942887
BoxCollider:
  m_ObjectHideFlags: 0
  m_PrefabParentObject: {fileID: 6573926, guid: 3cec6ddcaaa939945a6753c4d1a0154a,
    type: 2}
  m_PrefabInternal: {fileID: 1274396165}
  m_GameObject: {fileID: 677942884}
  m_Material: {fileID: 0}
  m_IsTrigger: 1
  m_Enabled: 1
  serializedVersion: 2
  m_Size: {x: 1, y: 1, z: .547484934}
  m_Center: {x: 0, y: 0, z: .0204516649}
--- !u!33 &677942888
MeshFilter:
  m_ObjectHideFlags: 0
  m_PrefabParentObject: {fileID: 3373926, guid: 3cec6ddcaaa939945a6753c4d1a0154a,
    type: 2}
  m_PrefabInternal: {fileID: 1274396165}
  m_GameObject: {fileID: 677942884}
  m_Mesh: {fileID: 10202, guid: 0000000000000000e000000000000000, type: 0}
--- !u!4 &677942889
Transform:
  m_ObjectHideFlags: 0
  m_PrefabParentObject: {fileID: 473924, guid: 3cec6ddcaaa939945a6753c4d1a0154a, type: 2}
  m_PrefabInternal: {fileID: 1274396165}
  m_GameObject: {fileID: 677942884}
  m_LocalRotation: {x: 0, y: 0, z: 0, w: 1}
  m_LocalPosition: {x: -2.03999996, y: 8.02000046, z: 0}
  m_LocalScale: {x: 1, y: 1, z: 1}
  m_Children:
  - {fileID: 1952714741}
  m_Father: {fileID: 0}
  m_RootOrder: 0
--- !u!1 &858363481
GameObject:
  m_ObjectHideFlags: 0
  m_PrefabParentObject: {fileID: 0}
  m_PrefabInternal: {fileID: 0}
  serializedVersion: 4
  m_Component:
  - 4: {fileID: 858363485}
  - 33: {fileID: 858363484}
  - 65: {fileID: 858363483}
  - 23: {fileID: 858363482}
  m_Layer: 0
  m_Name: Cube
  m_TagString: Untagged
  m_Icon: {fileID: 0}
  m_NavMeshLayer: 0
  m_StaticEditorFlags: 0
  m_IsActive: 1
--- !u!23 &858363482
Renderer:
  m_ObjectHideFlags: 0
  m_PrefabParentObject: {fileID: 0}
  m_PrefabInternal: {fileID: 0}
  m_GameObject: {fileID: 858363481}
  m_Enabled: 1
  m_CastShadows: 1
  m_ReceiveShadows: 1
  m_LightmapIndex: 255
  m_LightmapTilingOffset: {x: 1, y: 1, z: 0, w: 0}
  m_Materials:
  - {fileID: 10302, guid: 0000000000000000f000000000000000, type: 0}
  m_SubsetIndices: 
  m_StaticBatchRoot: {fileID: 0}
  m_UseLightProbes: 0
  m_LightProbeAnchor: {fileID: 0}
  m_ScaleInLightmap: 1
  m_SortingLayerID: 0
  m_SortingOrder: 0
--- !u!65 &858363483
BoxCollider:
  m_ObjectHideFlags: 0
  m_PrefabParentObject: {fileID: 0}
  m_PrefabInternal: {fileID: 0}
  m_GameObject: {fileID: 858363481}
  m_Material: {fileID: 13400000, guid: e1604bb184205b141b2aa302b076f992, type: 2}
  m_IsTrigger: 0
  m_Enabled: 1
  serializedVersion: 2
  m_Size: {x: 1, y: 1, z: 1}
  m_Center: {x: 0, y: 0, z: 0}
--- !u!33 &858363484
MeshFilter:
  m_ObjectHideFlags: 0
  m_PrefabParentObject: {fileID: 0}
  m_PrefabInternal: {fileID: 0}
  m_GameObject: {fileID: 858363481}
  m_Mesh: {fileID: 10202, guid: 0000000000000000e000000000000000, type: 0}
--- !u!4 &858363485
Transform:
  m_ObjectHideFlags: 0
  m_PrefabParentObject: {fileID: 0}
  m_PrefabInternal: {fileID: 0}
  m_GameObject: {fileID: 858363481}
  m_LocalRotation: {x: 0, y: 0, z: 0, w: 1}
  m_LocalPosition: {x: -2.06999993, y: 7.07000017, z: 0}
  m_LocalScale: {x: 2, y: .5, z: 2}
  m_Children: []
  m_Father: {fileID: 0}
  m_RootOrder: 8
--- !u!1 &1004770506
GameObject:
  m_ObjectHideFlags: 0
  m_PrefabParentObject: {fileID: 0}
  m_PrefabInternal: {fileID: 0}
  serializedVersion: 4
  m_Component:
  - 4: {fileID: 1004770510}
  - 33: {fileID: 1004770509}
  - 65: {fileID: 1004770508}
  - 23: {fileID: 1004770507}
  m_Layer: 0
  m_Name: Cube
  m_TagString: Untagged
  m_Icon: {fileID: 0}
  m_NavMeshLayer: 0
  m_StaticEditorFlags: 0
  m_IsActive: 1
--- !u!23 &1004770507
Renderer:
  m_ObjectHideFlags: 0
  m_PrefabParentObject: {fileID: 0}
  m_PrefabInternal: {fileID: 0}
  m_GameObject: {fileID: 1004770506}
  m_Enabled: 1
  m_CastShadows: 1
  m_ReceiveShadows: 1
  m_LightmapIndex: 255
  m_LightmapTilingOffset: {x: 1, y: 1, z: 0, w: 0}
  m_Materials:
  - {fileID: 10302, guid: 0000000000000000f000000000000000, type: 0}
  m_SubsetIndices: 
  m_StaticBatchRoot: {fileID: 0}
  m_UseLightProbes: 0
  m_LightProbeAnchor: {fileID: 0}
  m_ScaleInLightmap: 1
  m_SortingLayerID: 0
  m_SortingOrder: 0
--- !u!65 &1004770508
BoxCollider:
  m_ObjectHideFlags: 0
  m_PrefabParentObject: {fileID: 0}
  m_PrefabInternal: {fileID: 0}
  m_GameObject: {fileID: 1004770506}
  m_Material: {fileID: 0}
  m_IsTrigger: 0
  m_Enabled: 1
  serializedVersion: 2
  m_Size: {x: 1, y: 1, z: 1}
  m_Center: {x: 0, y: 0, z: 0}
--- !u!33 &1004770509
MeshFilter:
  m_ObjectHideFlags: 0
  m_PrefabParentObject: {fileID: 0}
  m_PrefabInternal: {fileID: 0}
  m_GameObject: {fileID: 1004770506}
  m_Mesh: {fileID: 10202, guid: 0000000000000000e000000000000000, type: 0}
--- !u!4 &1004770510
Transform:
  m_ObjectHideFlags: 0
  m_PrefabParentObject: {fileID: 0}
  m_PrefabInternal: {fileID: 0}
  m_GameObject: {fileID: 1004770506}
  m_LocalRotation: {x: 0, y: 0, z: 0, w: 1}
  m_LocalPosition: {x: 33, y: 2.75, z: 3.79999995}
  m_LocalScale: {x: 1.29999995, y: .5, z: 1.29999995}
  m_Children: []
  m_Father: {fileID: 0}
  m_RootOrder: 10
--- !u!1 &1046169514
GameObject:
  m_ObjectHideFlags: 0
  m_PrefabParentObject: {fileID: 0}
  m_PrefabInternal: {fileID: 0}
  serializedVersion: 4
  m_Component:
  - 4: {fileID: 1046169518}
  - 33: {fileID: 1046169517}
  - 65: {fileID: 1046169516}
  - 23: {fileID: 1046169515}
  m_Layer: 0
  m_Name: Cube
  m_TagString: Untagged
  m_Icon: {fileID: 0}
  m_NavMeshLayer: 0
  m_StaticEditorFlags: 0
  m_IsActive: 1
--- !u!23 &1046169515
Renderer:
  m_ObjectHideFlags: 0
  m_PrefabParentObject: {fileID: 0}
  m_PrefabInternal: {fileID: 0}
  m_GameObject: {fileID: 1046169514}
  m_Enabled: 1
  m_CastShadows: 1
  m_ReceiveShadows: 1
  m_LightmapIndex: 255
  m_LightmapTilingOffset: {x: 1, y: 1, z: 0, w: 0}
  m_Materials:
  - {fileID: 10302, guid: 0000000000000000f000000000000000, type: 0}
  m_SubsetIndices: 
  m_StaticBatchRoot: {fileID: 0}
  m_UseLightProbes: 0
  m_LightProbeAnchor: {fileID: 0}
  m_ScaleInLightmap: 1
  m_SortingLayerID: 0
  m_SortingOrder: 0
--- !u!65 &1046169516
BoxCollider:
  m_ObjectHideFlags: 0
  m_PrefabParentObject: {fileID: 0}
  m_PrefabInternal: {fileID: 0}
  m_GameObject: {fileID: 1046169514}
  m_Material: {fileID: 0}
  m_IsTrigger: 0
  m_Enabled: 1
  serializedVersion: 2
  m_Size: {x: 1, y: 1, z: 1}
  m_Center: {x: 0, y: 0, z: 0}
--- !u!33 &1046169517
MeshFilter:
  m_ObjectHideFlags: 0
  m_PrefabParentObject: {fileID: 0}
  m_PrefabInternal: {fileID: 0}
  m_GameObject: {fileID: 1046169514}
  m_Mesh: {fileID: 10202, guid: 0000000000000000e000000000000000, type: 0}
--- !u!4 &1046169518
Transform:
  m_ObjectHideFlags: 0
  m_PrefabParentObject: {fileID: 0}
  m_PrefabInternal: {fileID: 0}
  m_GameObject: {fileID: 1046169514}
  m_LocalRotation: {x: 0, y: 0, z: 0, w: 1}
  m_LocalPosition: {x: 33, y: 2.54999995, z: 0}
  m_LocalScale: {x: 1.29999995, y: .5, z: 1.29999995}
  m_Children: []
  m_Father: {fileID: 0}
  m_RootOrder: 7
--- !u!1 &1174688099
GameObject:
  m_ObjectHideFlags: 0
  m_PrefabParentObject: {fileID: 0}
  m_PrefabInternal: {fileID: 0}
  serializedVersion: 4
  m_Component:
  - 4: {fileID: 1174688103}
  - 33: {fileID: 1174688102}
  - 65: {fileID: 1174688101}
  - 23: {fileID: 1174688100}
  m_Layer: 0
  m_Name: Cube
  m_TagString: Untagged
  m_Icon: {fileID: 0}
  m_NavMeshLayer: 0
  m_StaticEditorFlags: 0
  m_IsActive: 1
--- !u!23 &1174688100
Renderer:
  m_ObjectHideFlags: 0
  m_PrefabParentObject: {fileID: 0}
  m_PrefabInternal: {fileID: 0}
  m_GameObject: {fileID: 1174688099}
  m_Enabled: 1
  m_CastShadows: 1
  m_ReceiveShadows: 1
  m_LightmapIndex: 255
  m_LightmapTilingOffset: {x: 1, y: 1, z: 0, w: 0}
  m_Materials:
  - {fileID: 10302, guid: 0000000000000000f000000000000000, type: 0}
  m_SubsetIndices: 
  m_StaticBatchRoot: {fileID: 0}
  m_UseLightProbes: 0
  m_LightProbeAnchor: {fileID: 0}
  m_ScaleInLightmap: 1
  m_SortingLayerID: 0
  m_SortingOrder: 0
--- !u!65 &1174688101
BoxCollider:
  m_ObjectHideFlags: 0
  m_PrefabParentObject: {fileID: 0}
  m_PrefabInternal: {fileID: 0}
  m_GameObject: {fileID: 1174688099}
  m_Material: {fileID: 0}
  m_IsTrigger: 0
  m_Enabled: 1
  serializedVersion: 2
  m_Size: {x: 1, y: 1, z: 1}
  m_Center: {x: 0, y: 0, z: 0}
--- !u!33 &1174688102
MeshFilter:
  m_ObjectHideFlags: 0
  m_PrefabParentObject: {fileID: 0}
  m_PrefabInternal: {fileID: 0}
  m_GameObject: {fileID: 1174688099}
  m_Mesh: {fileID: 10202, guid: 0000000000000000e000000000000000, type: 0}
--- !u!4 &1174688103
Transform:
  m_ObjectHideFlags: 0
  m_PrefabParentObject: {fileID: 0}
  m_PrefabInternal: {fileID: 0}
  m_GameObject: {fileID: 1174688099}
  m_LocalRotation: {x: 0, y: 0, z: 0, w: 1}
  m_LocalPosition: {x: 27, y: 2, z: 0}
  m_LocalScale: {x: 2, y: .5, z: 2}
  m_Children: []
  m_Father: {fileID: 0}
  m_RootOrder: 6
--- !u!1 &1201712463
GameObject:
  m_ObjectHideFlags: 0
  m_PrefabParentObject: {fileID: 147544, guid: 0a91929542b1e4142a42158a454745bf, type: 2}
  m_PrefabInternal: {fileID: 99212796}
  serializedVersion: 4
  m_Component:
  - 4: {fileID: 1201712468}
  - 33: {fileID: 1201712467}
  - 64: {fileID: 1201712466}
  - 23: {fileID: 1201712465}
  - 114: {fileID: 1201712464}
  m_Layer: 0
  m_Name: Bottom Floor
  m_TagString: Untagged
  m_Icon: {fileID: 0}
  m_NavMeshLayer: 0
  m_StaticEditorFlags: 0
  m_IsActive: 1
--- !u!114 &1201712464
MonoBehaviour:
  m_ObjectHideFlags: 0
  m_PrefabParentObject: {fileID: 11447544, guid: 0a91929542b1e4142a42158a454745bf,
    type: 2}
  m_PrefabInternal: {fileID: 99212796}
  m_GameObject: {fileID: 1201712463}
  m_Enabled: 1
  m_EditorHideFlags: 0
  m_Script: {fileID: 11500000, guid: 12477ea820116f843867e22cf59b35e5, type: 3}
  m_Name: 
  m_EditorClassIdentifier: 
--- !u!23 &1201712465
Renderer:
  m_ObjectHideFlags: 0
  m_PrefabParentObject: {fileID: 2347544, guid: 0a91929542b1e4142a42158a454745bf,
    type: 2}
  m_PrefabInternal: {fileID: 99212796}
  m_GameObject: {fileID: 1201712463}
  m_Enabled: 0
  m_CastShadows: 1
  m_ReceiveShadows: 1
  m_LightmapIndex: 255
  m_LightmapTilingOffset: {x: 1, y: 1, z: 0, w: 0}
  m_Materials:
  - {fileID: 10302, guid: 0000000000000000f000000000000000, type: 0}
  m_SubsetIndices: 
  m_StaticBatchRoot: {fileID: 0}
  m_UseLightProbes: 0
  m_LightProbeAnchor: {fileID: 0}
  m_ScaleInLightmap: 1
  m_SortingLayerID: 0
  m_SortingOrder: 0
--- !u!64 &1201712466
MeshCollider:
  m_ObjectHideFlags: 0
  m_PrefabParentObject: {fileID: 6447544, guid: 0a91929542b1e4142a42158a454745bf,
    type: 2}
  m_PrefabInternal: {fileID: 99212796}
  m_GameObject: {fileID: 1201712463}
  m_Material: {fileID: 0}
  m_IsTrigger: 1
  m_Enabled: 1
  serializedVersion: 2
  m_SmoothSphereCollisions: 0
  m_Convex: 0
  m_Mesh: {fileID: 10209, guid: 0000000000000000e000000000000000, type: 0}
--- !u!33 &1201712467
MeshFilter:
  m_ObjectHideFlags: 0
  m_PrefabParentObject: {fileID: 3347544, guid: 0a91929542b1e4142a42158a454745bf,
    type: 2}
  m_PrefabInternal: {fileID: 99212796}
  m_GameObject: {fileID: 1201712463}
  m_Mesh: {fileID: 10209, guid: 0000000000000000e000000000000000, type: 0}
--- !u!4 &1201712468
Transform:
  m_ObjectHideFlags: 0
  m_PrefabParentObject: {fileID: 447544, guid: 0a91929542b1e4142a42158a454745bf, type: 2}
  m_PrefabInternal: {fileID: 99212796}
  m_GameObject: {fileID: 1201712463}
  m_LocalRotation: {x: 0, y: 0, z: 0, w: 1}
  m_LocalPosition: {x: 0, y: 0, z: 0}
  m_LocalScale: {x: 50, y: 1, z: 50}
  m_Children: []
  m_Father: {fileID: 0}
  m_RootOrder: 1
--- !u!1001 &1274396165
Prefab:
  m_ObjectHideFlags: 0
  serializedVersion: 2
  m_Modification:
    m_TransformParent: {fileID: 0}
    m_Modifications:
    - target: {fileID: 473924, guid: 3cec6ddcaaa939945a6753c4d1a0154a, type: 2}
      propertyPath: m_LocalPosition.x
      value: -2.03999996
      objectReference: {fileID: 0}
    - target: {fileID: 473924, guid: 3cec6ddcaaa939945a6753c4d1a0154a, type: 2}
      propertyPath: m_LocalPosition.y
      value: 8.02000046
      objectReference: {fileID: 0}
    - target: {fileID: 473924, guid: 3cec6ddcaaa939945a6753c4d1a0154a, type: 2}
      propertyPath: m_LocalPosition.z
      value: 0
      objectReference: {fileID: 0}
    - target: {fileID: 473924, guid: 3cec6ddcaaa939945a6753c4d1a0154a, type: 2}
      propertyPath: m_LocalRotation.x
      value: 0
      objectReference: {fileID: 0}
    - target: {fileID: 473924, guid: 3cec6ddcaaa939945a6753c4d1a0154a, type: 2}
      propertyPath: m_LocalRotation.y
      value: 0
      objectReference: {fileID: 0}
    - target: {fileID: 473924, guid: 3cec6ddcaaa939945a6753c4d1a0154a, type: 2}
      propertyPath: m_LocalRotation.z
      value: 0
      objectReference: {fileID: 0}
    - target: {fileID: 473924, guid: 3cec6ddcaaa939945a6753c4d1a0154a, type: 2}
      propertyPath: m_LocalRotation.w
      value: 1
      objectReference: {fileID: 0}
    - target: {fileID: 473924, guid: 3cec6ddcaaa939945a6753c4d1a0154a, type: 2}
      propertyPath: m_RootOrder
      value: 0
      objectReference: {fileID: 0}
    - target: {fileID: 11473926, guid: 3cec6ddcaaa939945a6753c4d1a0154a, type: 2}
      propertyPath: target
      value: 
      objectReference: {fileID: 551868318}
    m_RemovedComponents: []
  m_ParentPrefab: {fileID: 100100000, guid: 3cec6ddcaaa939945a6753c4d1a0154a, type: 2}
  m_RootGameObject: {fileID: 677942884}
  m_IsPrefabParent: 0
  m_IsExploded: 1
--- !u!1 &1428573739
GameObject:
  m_ObjectHideFlags: 0
  m_PrefabParentObject: {fileID: 0}
  m_PrefabInternal: {fileID: 0}
  serializedVersion: 4
  m_Component:
  - 4: {fileID: 1428573743}
  - 33: {fileID: 1428573742}
  - 64: {fileID: 1428573741}
  - 23: {fileID: 1428573740}
  m_Layer: 0
  m_Name: Plane
  m_TagString: Untagged
  m_Icon: {fileID: 0}
  m_NavMeshLayer: 0
  m_StaticEditorFlags: 0
  m_IsActive: 1
--- !u!23 &1428573740
Renderer:
  m_ObjectHideFlags: 0
  m_PrefabParentObject: {fileID: 0}
  m_PrefabInternal: {fileID: 0}
  m_GameObject: {fileID: 1428573739}
  m_Enabled: 1
  m_CastShadows: 1
  m_ReceiveShadows: 1
  m_LightmapIndex: 255
  m_LightmapTilingOffset: {x: 1, y: 1, z: 0, w: 0}
  m_Materials:
  - {fileID: 10302, guid: 0000000000000000f000000000000000, type: 0}
  m_SubsetIndices: 
  m_StaticBatchRoot: {fileID: 0}
  m_UseLightProbes: 0
  m_LightProbeAnchor: {fileID: 0}
  m_ScaleInLightmap: 1
  m_SortingLayerID: 0
  m_SortingOrder: 0
--- !u!64 &1428573741
MeshCollider:
  m_ObjectHideFlags: 0
  m_PrefabParentObject: {fileID: 0}
  m_PrefabInternal: {fileID: 0}
  m_GameObject: {fileID: 1428573739}
  m_Material: {fileID: 0}
  m_IsTrigger: 0
  m_Enabled: 1
  serializedVersion: 2
  m_SmoothSphereCollisions: 0
  m_Convex: 0
  m_Mesh: {fileID: 10209, guid: 0000000000000000e000000000000000, type: 0}
--- !u!33 &1428573742
MeshFilter:
  m_ObjectHideFlags: 0
  m_PrefabParentObject: {fileID: 0}
  m_PrefabInternal: {fileID: 0}
  m_GameObject: {fileID: 1428573739}
  m_Mesh: {fileID: 10209, guid: 0000000000000000e000000000000000, type: 0}
--- !u!4 &1428573743
Transform:
  m_ObjectHideFlags: 0
  m_PrefabParentObject: {fileID: 0}
  m_PrefabInternal: {fileID: 0}
  m_GameObject: {fileID: 1428573739}
  m_LocalRotation: {x: 0, y: 0, z: 0, w: 1}
  m_LocalPosition: {x: 0, y: .100000001, z: 0}
  m_LocalScale: {x: 1, y: 1, z: .5}
  m_Children: []
  m_Father: {fileID: 0}
  m_RootOrder: 3
--- !u!1 &1461664276
GameObject:
  m_ObjectHideFlags: 0
  m_PrefabParentObject: {fileID: 0}
  m_PrefabInternal: {fileID: 0}
  serializedVersion: 4
  m_Component:
  - 4: {fileID: 1461664280}
  - 33: {fileID: 1461664279}
  - 64: {fileID: 1461664278}
  - 23: {fileID: 1461664277}
  m_Layer: 0
  m_Name: Plane
  m_TagString: Untagged
  m_Icon: {fileID: 0}
  m_NavMeshLayer: 0
  m_StaticEditorFlags: 0
  m_IsActive: 1
--- !u!23 &1461664277
Renderer:
  m_ObjectHideFlags: 0
  m_PrefabParentObject: {fileID: 0}
  m_PrefabInternal: {fileID: 0}
  m_GameObject: {fileID: 1461664276}
  m_Enabled: 1
  m_CastShadows: 1
  m_ReceiveShadows: 1
  m_LightmapIndex: 255
  m_LightmapTilingOffset: {x: 1, y: 1, z: 0, w: 0}
  m_Materials:
  - {fileID: 10302, guid: 0000000000000000f000000000000000, type: 0}
  m_SubsetIndices: 
  m_StaticBatchRoot: {fileID: 0}
  m_UseLightProbes: 0
  m_LightProbeAnchor: {fileID: 0}
  m_ScaleInLightmap: 1
  m_SortingLayerID: 0
  m_SortingOrder: 0
--- !u!64 &1461664278
MeshCollider:
  m_ObjectHideFlags: 0
  m_PrefabParentObject: {fileID: 0}
  m_PrefabInternal: {fileID: 0}
  m_GameObject: {fileID: 1461664276}
  m_Material: {fileID: 13400000, guid: a7ed196540ebebd4fb3c3134ff6954d7, type: 2}
  m_IsTrigger: 0
  m_Enabled: 1
  serializedVersion: 2
  m_SmoothSphereCollisions: 0
  m_Convex: 0
  m_Mesh: {fileID: 10209, guid: 0000000000000000e000000000000000, type: 0}
--- !u!33 &1461664279
MeshFilter:
  m_ObjectHideFlags: 0
  m_PrefabParentObject: {fileID: 0}
  m_PrefabInternal: {fileID: 0}
  m_GameObject: {fileID: 1461664276}
  m_Mesh: {fileID: 10209, guid: 0000000000000000e000000000000000, type: 0}
--- !u!4 &1461664280
Transform:
  m_ObjectHideFlags: 0
  m_PrefabParentObject: {fileID: 0}
  m_PrefabInternal: {fileID: 0}
  m_GameObject: {fileID: 1461664276}
  m_LocalRotation: {x: 0, y: 0, z: 0, w: 1}
  m_LocalPosition: {x: 9.96000004, y: .100000001, z: 0}
  m_LocalScale: {x: 1, y: 1, z: .5}
  m_Children: []
  m_Father: {fileID: 0}
  m_RootOrder: 4
--- !u!1 &1538367312
GameObject:
  m_ObjectHideFlags: 0
  m_PrefabParentObject: {fileID: 0}
  m_PrefabInternal: {fileID: 0}
  serializedVersion: 4
  m_Component:
  - 4: {fileID: 1538367316}
  - 33: {fileID: 1538367315}
  - 65: {fileID: 1538367314}
  - 23: {fileID: 1538367313}
  m_Layer: 0
  m_Name: Cube
  m_TagString: Untagged
  m_Icon: {fileID: 0}
  m_NavMeshLayer: 0
  m_StaticEditorFlags: 0
  m_IsActive: 1
--- !u!23 &1538367313
Renderer:
  m_ObjectHideFlags: 0
  m_PrefabParentObject: {fileID: 0}
  m_PrefabInternal: {fileID: 0}
  m_GameObject: {fileID: 1538367312}
  m_Enabled: 1
  m_CastShadows: 1
  m_ReceiveShadows: 1
  m_LightmapIndex: 255
  m_LightmapTilingOffset: {x: 1, y: 1, z: 0, w: 0}
  m_Materials:
  - {fileID: 10302, guid: 0000000000000000f000000000000000, type: 0}
  m_SubsetIndices: 
  m_StaticBatchRoot: {fileID: 0}
  m_UseLightProbes: 0
  m_LightProbeAnchor: {fileID: 0}
  m_ScaleInLightmap: 1
  m_SortingLayerID: 0
  m_SortingOrder: 0
--- !u!65 &1538367314
BoxCollider:
  m_ObjectHideFlags: 0
  m_PrefabParentObject: {fileID: 0}
  m_PrefabInternal: {fileID: 0}
  m_GameObject: {fileID: 1538367312}
  m_Material: {fileID: 0}
  m_IsTrigger: 0
  m_Enabled: 1
  serializedVersion: 2
  m_Size: {x: 1, y: 1, z: 1}
  m_Center: {x: 0, y: 0, z: 0}
--- !u!33 &1538367315
MeshFilter:
  m_ObjectHideFlags: 0
  m_PrefabParentObject: {fileID: 0}
  m_PrefabInternal: {fileID: 0}
  m_GameObject: {fileID: 1538367312}
  m_Mesh: {fileID: 10202, guid: 0000000000000000e000000000000000, type: 0}
--- !u!4 &1538367316
Transform:
  m_ObjectHideFlags: 0
  m_PrefabParentObject: {fileID: 0}
  m_PrefabInternal: {fileID: 0}
  m_GameObject: {fileID: 1538367312}
  m_LocalRotation: {x: 0, y: 0, z: 0, w: 1}
  m_LocalPosition: {x: 29.5699997, y: 3, z: 3.79999995}
  m_LocalScale: {x: 1.29999995, y: .5, z: 1.29999995}
  m_Children: []
  m_Father: {fileID: 0}
  m_RootOrder: 11
--- !u!1 &1640551908
GameObject:
  m_ObjectHideFlags: 0
  m_PrefabParentObject: {fileID: 0}
  m_PrefabInternal: {fileID: 0}
  serializedVersion: 4
  m_Component:
  - 4: {fileID: 1640551912}
  - 33: {fileID: 1640551911}
  - 65: {fileID: 1640551910}
  - 23: {fileID: 1640551909}
  m_Layer: 0
  m_Name: Cube
  m_TagString: Untagged
  m_Icon: {fileID: 0}
  m_NavMeshLayer: 0
  m_StaticEditorFlags: 0
  m_IsActive: 1
--- !u!23 &1640551909
Renderer:
  m_ObjectHideFlags: 0
  m_PrefabParentObject: {fileID: 0}
  m_PrefabInternal: {fileID: 0}
  m_GameObject: {fileID: 1640551908}
  m_Enabled: 1
  m_CastShadows: 1
  m_ReceiveShadows: 1
  m_LightmapIndex: 255
  m_LightmapTilingOffset: {x: 1, y: 1, z: 0, w: 0}
  m_Materials:
  - {fileID: 10302, guid: 0000000000000000f000000000000000, type: 0}
  m_SubsetIndices: 
  m_StaticBatchRoot: {fileID: 0}
  m_UseLightProbes: 0
  m_LightProbeAnchor: {fileID: 0}
  m_ScaleInLightmap: 1
  m_SortingLayerID: 0
  m_SortingOrder: 0
--- !u!65 &1640551910
BoxCollider:
  m_ObjectHideFlags: 0
  m_PrefabParentObject: {fileID: 0}
  m_PrefabInternal: {fileID: 0}
  m_GameObject: {fileID: 1640551908}
  m_Material: {fileID: 0}
  m_IsTrigger: 0
  m_Enabled: 1
  serializedVersion: 2
  m_Size: {x: 1, y: 1, z: 1}
  m_Center: {x: 0, y: 0, z: 0}
--- !u!33 &1640551911
MeshFilter:
  m_ObjectHideFlags: 0
  m_PrefabParentObject: {fileID: 0}
  m_PrefabInternal: {fileID: 0}
  m_GameObject: {fileID: 1640551908}
  m_Mesh: {fileID: 10202, guid: 0000000000000000e000000000000000, type: 0}
--- !u!4 &1640551912
Transform:
  m_ObjectHideFlags: 0
  m_PrefabParentObject: {fileID: 0}
  m_PrefabInternal: {fileID: 0}
  m_GameObject: {fileID: 1640551908}
  m_LocalRotation: {x: 0, y: 0, z: 0, w: 1}
  m_LocalPosition: {x: 26.1700001, y: 3, z: 3.79999995}
  m_LocalScale: {x: 1.29999995, y: .5, z: 1.29999995}
  m_Children: []
  m_Father: {fileID: 0}
  m_RootOrder: 12
--- !u!1 &1790265851
GameObject:
  m_ObjectHideFlags: 0
  m_PrefabParentObject: {fileID: 0}
  m_PrefabInternal: {fileID: 0}
  serializedVersion: 4
  m_Component:
  - 4: {fileID: 1790265855}
  - 33: {fileID: 1790265854}
  - 65: {fileID: 1790265853}
  - 23: {fileID: 1790265852}
  m_Layer: 0
  m_Name: Cube
  m_TagString: Untagged
  m_Icon: {fileID: 0}
  m_NavMeshLayer: 0
  m_StaticEditorFlags: 0
  m_IsActive: 1
--- !u!23 &1790265852
Renderer:
  m_ObjectHideFlags: 0
  m_PrefabParentObject: {fileID: 0}
  m_PrefabInternal: {fileID: 0}
  m_GameObject: {fileID: 1790265851}
  m_Enabled: 1
  m_CastShadows: 1
  m_ReceiveShadows: 1
  m_LightmapIndex: 255
  m_LightmapTilingOffset: {x: 1, y: 1, z: 0, w: 0}
  m_Materials:
  - {fileID: 10302, guid: 0000000000000000f000000000000000, type: 0}
  m_SubsetIndices: 
  m_StaticBatchRoot: {fileID: 0}
  m_UseLightProbes: 0
  m_LightProbeAnchor: {fileID: 0}
  m_ScaleInLightmap: 1
  m_SortingLayerID: 0
  m_SortingOrder: 0
--- !u!65 &1790265853
BoxCollider:
  m_ObjectHideFlags: 0
  m_PrefabParentObject: {fileID: 0}
  m_PrefabInternal: {fileID: 0}
  m_GameObject: {fileID: 1790265851}
  m_Material: {fileID: 13400000, guid: e1604bb184205b141b2aa302b076f992, type: 2}
  m_IsTrigger: 0
  m_Enabled: 1
  serializedVersion: 2
  m_Size: {x: 1, y: 1, z: 1}
  m_Center: {x: 0, y: 0, z: 0}
--- !u!33 &1790265854
MeshFilter:
  m_ObjectHideFlags: 0
  m_PrefabParentObject: {fileID: 0}
  m_PrefabInternal: {fileID: 0}
  m_GameObject: {fileID: 1790265851}
  m_Mesh: {fileID: 10202, guid: 0000000000000000e000000000000000, type: 0}
--- !u!4 &1790265855
Transform:
  m_ObjectHideFlags: 0
  m_PrefabParentObject: {fileID: 0}
  m_PrefabInternal: {fileID: 0}
  m_GameObject: {fileID: 1790265851}
  m_LocalRotation: {x: 0, y: 0, z: 0, w: 1}
  m_LocalPosition: {x: -1.97000003, y: 10.46, z: 0}
  m_LocalScale: {x: 3, y: .5, z: 3}
  m_Children: []
  m_Father: {fileID: 0}
  m_RootOrder: 9
--- !u!1001 &1826826880
Prefab:
  m_ObjectHideFlags: 0
  serializedVersion: 2
  m_Modification:
    m_TransformParent: {fileID: 0}
    m_Modifications:
    - target: {fileID: 412008, guid: 6f88a0d6e3e781d48b6e1d776aac6d6a, type: 2}
      propertyPath: m_LocalPosition.x
      value: -2
      objectReference: {fileID: 0}
    - target: {fileID: 412008, guid: 6f88a0d6e3e781d48b6e1d776aac6d6a, type: 2}
      propertyPath: m_LocalPosition.y
      value: 1.60000002
      objectReference: {fileID: 0}
    - target: {fileID: 412008, guid: 6f88a0d6e3e781d48b6e1d776aac6d6a, type: 2}
      propertyPath: m_LocalPosition.z
      value: 0
      objectReference: {fileID: 0}
    - target: {fileID: 412008, guid: 6f88a0d6e3e781d48b6e1d776aac6d6a, type: 2}
      propertyPath: m_LocalRotation.x
      value: 0
      objectReference: {fileID: 0}
    - target: {fileID: 412008, guid: 6f88a0d6e3e781d48b6e1d776aac6d6a, type: 2}
      propertyPath: m_LocalRotation.y
      value: 0
      objectReference: {fileID: 0}
    - target: {fileID: 412008, guid: 6f88a0d6e3e781d48b6e1d776aac6d6a, type: 2}
      propertyPath: m_LocalRotation.z
      value: 0
      objectReference: {fileID: 0}
    - target: {fileID: 412008, guid: 6f88a0d6e3e781d48b6e1d776aac6d6a, type: 2}
      propertyPath: m_LocalRotation.w
      value: 1
      objectReference: {fileID: 0}
    - target: {fileID: 412008, guid: 6f88a0d6e3e781d48b6e1d776aac6d6a, type: 2}
      propertyPath: m_RootOrder
      value: 2
      objectReference: {fileID: 0}
    - target: {fileID: 412006, guid: 6f88a0d6e3e781d48b6e1d776aac6d6a, type: 2}
      propertyPath: m_LocalRotation.y
      value: 0
      objectReference: {fileID: 0}
    - target: {fileID: 412006, guid: 6f88a0d6e3e781d48b6e1d776aac6d6a, type: 2}
      propertyPath: m_LocalRotation.w
      value: 1
      objectReference: {fileID: 0}
    m_RemovedComponents: []
  m_ParentPrefab: {fileID: 100100000, guid: 6f88a0d6e3e781d48b6e1d776aac6d6a, type: 2}
  m_RootGameObject: {fileID: 551868317}
  m_IsPrefabParent: 0
  m_IsExploded: 1
--- !u!1 &1952714740
GameObject:
  m_ObjectHideFlags: 0
  m_PrefabParentObject: {fileID: 173926, guid: 3cec6ddcaaa939945a6753c4d1a0154a, type: 2}
  m_PrefabInternal: {fileID: 1274396165}
  serializedVersion: 4
  m_Component:
  - 4: {fileID: 1952714741}
  - 212: {fileID: 1952714742}
  m_Layer: 0
  m_Name: star
  m_TagString: Untagged
  m_Icon: {fileID: 0}
  m_NavMeshLayer: 0
  m_StaticEditorFlags: 0
  m_IsActive: 1
--- !u!4 &1952714741
Transform:
  m_ObjectHideFlags: 0
  m_PrefabParentObject: {fileID: 473926, guid: 3cec6ddcaaa939945a6753c4d1a0154a, type: 2}
  m_PrefabInternal: {fileID: 1274396165}
  m_GameObject: {fileID: 1952714740}
  m_LocalRotation: {x: 0, y: 0, z: 0, w: 1}
  m_LocalPosition: {x: 0, y: 0, z: 0}
  m_LocalScale: {x: 1, y: 1, z: 1}
  m_Children: []
  m_Father: {fileID: 677942889}
  m_RootOrder: 0
--- !u!212 &1952714742
SpriteRenderer:
  m_ObjectHideFlags: 0
  m_PrefabParentObject: {fileID: 21273926, guid: 3cec6ddcaaa939945a6753c4d1a0154a,
    type: 2}
  m_PrefabInternal: {fileID: 1274396165}
  m_GameObject: {fileID: 1952714740}
  m_Enabled: 1
  m_CastShadows: 0
  m_ReceiveShadows: 0
  m_LightmapIndex: 255
  m_LightmapTilingOffset: {x: 1, y: 1, z: 0, w: 0}
  m_Materials:
  - {fileID: 10754, guid: 0000000000000000e000000000000000, type: 0}
  m_SubsetIndices: 
  m_StaticBatchRoot: {fileID: 0}
  m_UseLightProbes: 0
  m_LightProbeAnchor: {fileID: 0}
  m_ScaleInLightmap: 1
  m_SortingLayerID: 0
  m_SortingOrder: 0
  m_Sprite: {fileID: 21300000, guid: 4e10653fa79355a4dafc8756e213d77c, type: 3}
  m_Color: {r: 1, g: 1, b: 1, a: 1}
--- !u!1 &1967337163
GameObject:
  m_ObjectHideFlags: 0
  m_PrefabParentObject: {fileID: 0}
  m_PrefabInternal: {fileID: 0}
  serializedVersion: 4
  m_Component:
  - 4: {fileID: 1967337167}
  - 33: {fileID: 1967337166}
  - 65: {fileID: 1967337165}
  - 23: {fileID: 1967337164}
  m_Layer: 0
  m_Name: Cube
  m_TagString: Untagged
  m_Icon: {fileID: 0}
  m_NavMeshLayer: 0
  m_StaticEditorFlags: 0
  m_IsActive: 1
--- !u!23 &1967337164
Renderer:
  m_ObjectHideFlags: 0
  m_PrefabParentObject: {fileID: 0}
  m_PrefabInternal: {fileID: 0}
  m_GameObject: {fileID: 1967337163}
  m_Enabled: 1
  m_CastShadows: 1
  m_ReceiveShadows: 1
  m_LightmapIndex: 255
  m_LightmapTilingOffset: {x: 1, y: 1, z: 0, w: 0}
  m_Materials:
  - {fileID: 10302, guid: 0000000000000000f000000000000000, type: 0}
  m_SubsetIndices: 
  m_StaticBatchRoot: {fileID: 0}
  m_UseLightProbes: 0
  m_LightProbeAnchor: {fileID: 0}
  m_ScaleInLightmap: 1
  m_SortingLayerID: 0
  m_SortingOrder: 0
--- !u!65 &1967337165
BoxCollider:
  m_ObjectHideFlags: 0
  m_PrefabParentObject: {fileID: 0}
  m_PrefabInternal: {fileID: 0}
  m_GameObject: {fileID: 1967337163}
  m_Material: {fileID: 0}
  m_IsTrigger: 0
  m_Enabled: 1
  serializedVersion: 2
  m_Size: {x: 1, y: 1, z: 1}
  m_Center: {x: 0, y: 0, z: 0}
--- !u!33 &1967337166
MeshFilter:
  m_ObjectHideFlags: 0
  m_PrefabParentObject: {fileID: 0}
  m_PrefabInternal: {fileID: 0}
  m_GameObject: {fileID: 1967337163}
  m_Mesh: {fileID: 10202, guid: 0000000000000000e000000000000000, type: 0}
--- !u!4 &1967337167
Transform:
  m_ObjectHideFlags: 0
  m_PrefabParentObject: {fileID: 0}
  m_PrefabInternal: {fileID: 0}
  m_GameObject: {fileID: 1967337163}
  m_LocalRotation: {x: 0, y: 0, z: 0, w: 1}
  m_LocalPosition: {x: 20, y: 1, z: 0}
  m_LocalScale: {x: 3, y: .5, z: 3}
  m_Children: []
  m_Father: {fileID: 0}
  m_RootOrder: 5
